@article{einstein,
    author =       "Albert Einstein",
    title =        "{Zur Elektrodynamik bewegter K{\"o}rper}. ({German})
    [{On} the electrodynamics of moving bodies]",
    journal =      "Annalen der Physik",
    volume =       "322",
    number =       "10",
    pages =        "891--921",
    year =         "1905",
    DOI =          "http://dx.doi.org/10.1002/andp.19053221004",
    keywords =     "physics"
}

@article{kinematics,
    author = "Juha Saatsi",
    title = "On Explanations from Geometry of Motion",
    journal = "The British Journal for the Philosophy of Science",
    volume = "69",
    number = "1",
    addendum = "accessed: 25/3/25",
    year = "2015",
    DOI = "https://dx.doi.org/10.1093/bjps/axw007",
}